
@article{Ita:2015tya,
      author         = "Ita, Harald",
      title          = "{Two-loop Integrand Decomposition into Master Integrals
                        and Surface Terms}",
      journal        = "Phys. Rev.",
      volume         = "D94",
      year           = "2016",
      number         = "11",
      pages          = "116015",
      doi            = "10.1103/PhysRevD.94.116015",
      eprint         = "1510.05626",
      archivePrefix  = "arXiv",
      primaryClass   = "hep-th",
      reportNumber   = "FR-PHENO-2015-011",
      SLACcitation   = "%%CITATION = ARXIV:1510.05626;%%"
}

@article{Larsen:2015ped,
      author         = "Larsen, Kasper J. and Zhang, Yang",
      title          = "{Integration-by-parts reductions from unitarity cuts and
                        algebraic geometry}",
      journal        = "Phys. Rev.",
      volume         = "D93",
      year           = "2016",
      number         = "4",
      pages          = "041701",
      doi            = "10.1103/PhysRevD.93.041701",
      eprint         = "1511.01071",
      archivePrefix  = "arXiv",
      primaryClass   = "hep-th",
      SLACcitation   = "%%CITATION = ARXIV:1511.01071;%%"
}

@article{Dubovyk:2016zok,
      author         = "Dubovyk, I. and Freitas, A. and Gluza, J. and Riemann, T.
                        and Usovitsch, J.",
      title          = "{30 years, some 700 integrals, and 1 dessert, or:
                        Electroweak two-loop corrections to the Z$\bar b$b
                        vertex}",
      booktitle      = "{Proceedings, 13th DESY Workshop on Elementary Particle
                        Physics: Loops and Legs in Quantum Field Theory (LL2016):
                        Leipzig, Germany, April 24-29, 2016}",
      journal        = "PoS",
      volume         = "LL2016",
      year           = "2016",
      pages          = "075",
      eprint         = "1610.07059",
      archivePrefix  = "arXiv",
      primaryClass   = "hep-ph",
      reportNumber   = "HU-EP-16-36, KW-16-003",
      SLACcitation   = "%%CITATION = ARXIV:1610.07059;%%"
}

@article{Dubovyk:2016ocz,
      author         = "Dubovyk, Ievgen and Gluza, Janusz and Riemann, Tord and
                        Usovitsch, Johann",
      title          = "{Numerical integration of massive two-loop Mellin-Barnes
                        integrals in Minkowskian regions}",
      booktitle      = "{Proceedings, 13th DESY Workshop on Elementary Particle
                        Physics: Loops and Legs in Quantum Field Theory (LL2016):
                        Leipzig, Germany, April 24-29, 2016}",
      journal        = "PoS",
      volume         = "LL2016",
      year           = "2016",
      pages          = "034",
      eprint         = "1607.07538",
      archivePrefix  = "arXiv",
      primaryClass   = "hep-ph",
      reportNumber   = "DESY-16-120, KW-16-01",
      SLACcitation   = "%%CITATION = ARXIV:1607.07538;%%"
}

@article{Dubovyk:2016aqv,
      author         = "Dubovyk, Ievgen and Freitas, Ayres and Gluza, Janusz and
                        Riemann, Tord and Usovitsch, Johann",
      title          = "{The two-loop electroweak bosonic corrections to
                        $\sin^2\theta_{\mathrm{eff}}^{\mathrm{b}}$}",
      journal        = "Phys. Lett.",
      volume         = "B762",
      year           = "2016",
      pages          = "184-189",
      doi            = "10.1016/j.physletb.2016.09.012",
      eprint         = "1607.08375",
      archivePrefix  = "arXiv",
      primaryClass   = "hep-ph",
      reportNumber   = "DESY-16-119, KW-16-002",
      SLACcitation   = "%%CITATION = ARXIV:1607.08375;%%"
}

@article{GehrmannDeRidder:2007hr,
      author         = "Gehrmann-De Ridder, A. and Gehrmann, T. and Glover, E. W.
                        N. and Heinrich, G.",
      title          = "{NNLO corrections to event shapes in e+ e- annihilation}",
      journal        = "JHEP",
      volume         = "12",
      year           = "2007",
      pages          = "094",
      doi            = "10.1088/1126-6708/2007/12/094",
      eprint         = "0711.4711",
      archivePrefix  = "arXiv",
      primaryClass   = "hep-ph",
      reportNumber   = "ZU-TH-27-07, IPPP-07-90, EDINBURGH-2007-47",
      SLACcitation   = "%%CITATION = ARXIV:0711.4711;%%"
}

@article{Weinzierl:2008iv,
      author         = "Weinzierl, Stefan",
      title          = "{NNLO corrections to 3-jet observables in
                        electron-positron annihilation}",
      journal        = "Phys. Rev. Lett.",
      volume         = "101",
      year           = "2008",
      pages          = "162001",
      doi            = "10.1103/PhysRevLett.101.162001",
      eprint         = "0807.3241",
      archivePrefix  = "arXiv",
      primaryClass   = "hep-ph",
      reportNumber   = "MZ-TH-08-22",
      SLACcitation   = "%%CITATION = ARXIV:0807.3241;%%"
}

@article{Weinzierl:2009yz,
      author         = "Weinzierl, Stefan",
      title          = "{Moments of event shapes in electron-positron
                        annihilation at NNLO}",
      journal        = "Phys. Rev.",
      volume         = "D80",
      year           = "2009",
      pages          = "094018",
      doi            = "10.1103/PhysRevD.80.094018",
      eprint         = "0909.5056",
      archivePrefix  = "arXiv",
      primaryClass   = "hep-ph",
      SLACcitation   = "%%CITATION = ARXIV:0909.5056;%%"
}

@article{Czakon:2013goa,
      author         = "Czakon, Micha≈Ç and Fiedler, Paul and Mitov, Alexander",
      title          = "{Total Top-Quark Pair-Production Cross Section at Hadron
                        Colliders Through $O(\alpha_s^4)$}",
      journal        = "Phys. Rev. Lett.",
      volume         = "110",
      year           = "2013",
      pages          = "252004",
      doi            = "10.1103/PhysRevLett.110.252004",
      eprint         = "1303.6254",
      archivePrefix  = "arXiv",
      primaryClass   = "hep-ph",
      reportNumber   = "CERN-PH-TH-2013-056, TTK-13-08",
      SLACcitation   = "%%CITATION = ARXIV:1303.6254;%%"
}

@article{Czakon:2016ckf,
      author         = "Czakon, Michal and Fiedler, Paul and Heymes, David and
                        Mitov, Alexander",
      title          = "{NNLO QCD predictions for fully-differential top-quark
                        pair production at the Tevatron}",
      journal        = "JHEP",
      volume         = "05",
      year           = "2016",
      pages          = "034",
      doi            = "10.1007/JHEP05(2016)034",
      eprint         = "1601.05375",
      archivePrefix  = "arXiv",
      primaryClass   = "hep-ph",
      reportNumber   = "CAVENDISH-HEP-16-01, TTK-16-02",
      SLACcitation   = "%%CITATION = ARXIV:1601.05375;%%"
}

@article{Currie:2017tpe,
      author         = "Currie, James and Gehrmann, Thomas and Huss, Alexander
                        and Niehues, Jan",
      title          = "{NNLO QCD corrections to jet production in deep inelastic
                        scattering}",
      year           = "2017",
      eprint         = "1703.05977",
      archivePrefix  = "arXiv",
      primaryClass   = "hep-ph",
      SLACcitation   = "%%CITATION = ARXIV:1703.05977;%%"
}

@article{Bernreuther:2016ccf,
      author         = "Bernreuther, Werner and Chen, Long and Dekkers, Oliver
                        and Gehrmann, Thomas and Heisler, Dennis",
      title          = "{The forward-backward asymmetry for massive bottom quarks
                        at the $Z$ peak at next-to-next-to-leading order QCD}",
      journal        = "JHEP",
      volume         = "01",
      year           = "2017",
      pages          = "053",
      doi            = "10.1007/JHEP01(2017)053",
      eprint         = "1611.07942",
      archivePrefix  = "arXiv",
      primaryClass   = "hep-ph",
      reportNumber   = "TTK-16-51, MITP-16-124, ZH-TH-42-16",
      SLACcitation   = "%%CITATION = ARXIV:1611.07942;%%"
}

@article{Gehrmann-DeRidder:2016jns,
      author         = "Gehrmann-De Ridder, A. and Gehrmann, T. and Glover, E. W.
                        N. and Huss, A. and Morgan, T. A.",
      title          = "{NNLO QCD corrections for Drell-Yan $p_T^Z$ and $\phi^*$
                        observables at the LHC}",
      journal        = "JHEP",
      volume         = "11",
      year           = "2016",
      pages          = "094",
      doi            = "10.1007/JHEP11(2016)094",
      eprint         = "1610.01843",
      archivePrefix  = "arXiv",
      primaryClass   = "hep-ph",
      reportNumber   = "IPPP-16-74, ZU-TH-36-16",
      SLACcitation   = "%%CITATION = ARXIV:1610.01843;%%"
}

@article{Chen:2016zka,
      author         = "Chen, X. and Cruz-Martinez, J. and Gehrmann, T. and
                        Glover, E. W. N. and Jaquier, M.",
      title          = "{NNLO QCD corrections to Higgs boson production at large
                        transverse momentum}",
      journal        = "JHEP",
      volume         = "10",
      year           = "2016",
      pages          = "066",
      doi            = "10.1007/JHEP10(2016)066",
      eprint         = "1607.08817",
      archivePrefix  = "arXiv",
      primaryClass   = "hep-ph",
      reportNumber   = "IPPP-16-73, ZU-TH-29-16, FR-PHENO-2016-014",
      SLACcitation   = "%%CITATION = ARXIV:1607.08817;%%"
}

@article{Gehrmann-DeRidder:2016zml,
      author         = "Gehrmann-De Ridder, A. and Gehrmann, T. and Glover, E. W.
                        N. and Huss, A. and Morgan, T. A.",
      title          = "{Z+jet production at NNLO}",
      booktitle      = "{Proceedings, 13th DESY Workshop on Elementary Particle
                        Physics: Loops and Legs in Quantum Field Theory (LL2016):
                        Leipzig, Germany, April 24-29, 2016}",
      journal        = "PoS",
      volume         = "LL2016",
      year           = "2016",
      pages          = "056",
      eprint         = "1607.01749",
      archivePrefix  = "arXiv",
      primaryClass   = "hep-ph",
      SLACcitation   = "%%CITATION = ARXIV:1607.01749;%%"
}

@article{Anastasiou:2015ema,
      author         = "Anastasiou, Charalampos and Duhr, Claude and Dulat, Falko
                        and Herzog, Franz and Mistlberger, Bernhard",
      title          = "{Higgs Boson Gluon-Fusion Production in QCD at Three
                        Loops}",
      journal        = "Phys. Rev. Lett.",
      volume         = "114",
      year           = "2015",
      pages          = "212001",
      doi            = "10.1103/PhysRevLett.114.212001",
      eprint         = "1503.06056",
      archivePrefix  = "arXiv",
      primaryClass   = "hep-ph",
      reportNumber   = "CERN-PH-TH-2015-055, CP3-15-07",
      SLACcitation   = "%%CITATION = ARXIV:1503.06056;%%"
}

@article{Anastasiou:2014lda,
      author         = "Anastasiou, Charalampos and Duhr, Claude and Dulat, Falko
                        and Furlan, Elisabetta and Gehrmann, Thomas and Herzog,
                        Franz and Mistlberger, Bernhard",
      title          = "{Higgs Boson GluonFfusion Production Beyond Threshold in
                        N$^{3}LO$ QCD}",
      journal        = "JHEP",
      volume         = "03",
      year           = "2015",
      pages          = "091",
      doi            = "10.1007/JHEP03(2015)091",
      eprint         = "1411.3584",
      archivePrefix  = "arXiv",
      primaryClass   = "hep-ph",
      reportNumber   = "FERMILAB-PUB-14-461-T",
      SLACcitation   = "%%CITATION = ARXIV:1411.3584;%%"
}

@article{Anastasiou:2014vaa,
      author         = "Anastasiou, Charalampos and Duhr, Claude and Dulat, Falko
                        and Furlan, Elisabetta and Gehrmann, Thomas and Herzog,
                        Franz and Mistlberger, Bernhard",
      title          = "{Higgs boson gluon‚Äìfusion production at threshold in
                        N$^3$LO QCD}",
      journal        = "Phys. Lett.",
      volume         = "B737",
      year           = "2014",
      pages          = "325-328",
      doi            = "10.1016/j.physletb.2014.08.067",
      eprint         = "1403.4616",
      archivePrefix  = "arXiv",
      primaryClass   = "hep-ph",
      reportNumber   = "IPPP-14-17, DCPT-14-34, ZU-TH-07-14, CERN-PH-TH-2014-042,
                        FERMILAB-PUB-14-052-T, --FERMILAB-PUB-14-052-T",
      SLACcitation   = "%%CITATION = ARXIV:1403.4616;%%"
}

@article{Melnikov:2017pgf,
      author         = "Melnikov, Kirill and Tancredi, Lorenzo and Wever,
                        Christopher",
      title          = "{Two-loop amplitudes for $q g \to H q$ and $q \bar{q} \to
                        H g$ mediated by a nearly massless quark}",
      journal        = "Phys. Rev.",
      volume         = "D95",
      year           = "2017",
      number         = "5",
      pages          = "054012",
      doi            = "10.1103/PhysRevD.95.054012",
      eprint         = "1702.00426",
      archivePrefix  = "arXiv",
      primaryClass   = "hep-ph",
      SLACcitation   = "%%CITATION = ARXIV:1702.00426;%%"
}

@article{Boughezal:2015dra,
      author         = "Boughezal, Radja and Caola, Fabrizio and Melnikov, Kirill
                        and Petriello, Frank and Schulze, Markus",
      title          = "{Higgs boson production in association with a jet at
                        next-to-next-to-leading order}",
      journal        = "Phys. Rev. Lett.",
      volume         = "115",
      year           = "2015",
      number         = "8",
      pages          = "082003",
      doi            = "10.1103/PhysRevLett.115.082003",
      eprint         = "1504.07922",
      archivePrefix  = "arXiv",
      primaryClass   = "hep-ph",
      reportNumber   = "CERN-PH-TH-2015-056, TTP15-017",
      SLACcitation   = "%%CITATION = ARXIV:1504.07922;%%"
}

@article{Caola:2015ila,
      author         = "Caola, Fabrizio and Henn, Johannes M. and Melnikov,
                        Kirill and Smirnov, Alexander V. and Smirnov, Vladimir A.",
      title          = "{Two-loop helicity amplitudes for the production of two
                        off-shell electroweak bosons in gluon fusion}",
      journal        = "JHEP",
      volume         = "06",
      year           = "2015",
      pages          = "129",
      doi            = "10.1007/JHEP06(2015)129",
      eprint         = "1503.08759",
      archivePrefix  = "arXiv",
      primaryClass   = "hep-ph",
      reportNumber   = "TTP15-013, CERN-PH-TH-2015-069",
      SLACcitation   = "%%CITATION = ARXIV:1503.08759;%%"
}

@article{Brucherseifer:2014ama,
      author         = "Brucherseifer, Mathias and Caola, Fabrizio and Melnikov,
                        Kirill",
      title          = "{On the NNLO QCD corrections to single-top production at
                        the LHC}",
      journal        = "Phys. Lett.",
      volume         = "B736",
      year           = "2014",
      pages          = "58-63",
      doi            = "10.1016/j.physletb.2014.06.075",
      eprint         = "1404.7116",
      archivePrefix  = "arXiv",
      primaryClass   = "hep-ph",
      reportNumber   = "SFB-CPP-14-23",
      SLACcitation   = "%%CITATION = ARXIV:1404.7116;%%"
}

@article{Campbell:2016lzl,
      author         = "Campbell, John M. and Ellis, R. Keith and Williams,
                        Ciaran",
      title          = "{Direct Photon Production at Next-to-Next-to-Leading
                        Order}",
      year           = "2016",
      eprint         = "1612.04333",
      archivePrefix  = "arXiv",
      primaryClass   = "hep-ph",
      reportNumber   = "IPPP-16-115, FERMILAB-PUB-16-585-T",
      SLACcitation   = "%%CITATION = ARXIV:1612.04333;%%"
}

@article{Vermaseren:2000nd,
      author         = "Vermaseren, J. A. M.",
      title          = "{New features of FORM}",
      year           = "2000",
      eprint         = "math-ph/0010025",
      archivePrefix  = "arXiv",
      primaryClass   = "math-ph",
      SLACcitation   = "%%CITATION = MATH-PH/0010025;%%"
}

@BOOKLET{Mathematica,
    author = "Wolfram Research",
    title = "{Mathematica Edition: Version 10.0}",
    note = "\texttt{http://www.wolfram.com}"
}

@BOOKLET{CLN,
    title = "{CLN - Class Library for Numbers, version 1.3.4}",
    author = "Haible, Bruno and  Kreckel,Richard B.",
    note = "\texttt{http://www.ginac.de/CLN}"
}

@BOOKLET{ZLIB,
    title = "{ZLIB}",
    author = "Gailly, Jean-Loup and Adler, Mark",
    note = "\texttt{http://zlib.net}"
}

@BOOKLET{SQLite3,
    author = "SQLite",
    title = "{SQLite3, version: 3.14.2}",
    note = "\texttt{https://www.sqlite.org}"
}

@article{Smirnov:2013dia,
      author         = "Smirnov, A. V. and Smirnov, V. A.",
      title          = "{FIRE4, LiteRed and accompanying tools to solve
                        integration by parts relations}",
      journal        = "Comput. Phys. Commun.",
      volume         = "184",
      year           = "2013",
      pages          = "2820-2827",
      doi            = "10.1016/j.cpc.2013.06.016",
      eprint         = "1302.5885",
      archivePrefix  = "arXiv",
      primaryClass   = "hep-ph",
      reportNumber   = "HU-EP-13-04, HU-MATHEMATIK:05-2013",
      SLACcitation   = "%%CITATION = ARXIV:1302.5885;%%"
}

@article{vonManteuffel:2014ixa,
      author         = "von Manteuffel, Andreas and Schabinger, Robert M.",
      title          = "{A novel approach to integration by parts reduction}",
      journal        = "Phys. Lett.",
      volume         = "B744",
      year           = "2015",
      pages          = "101-104",
      doi            = "10.1016/j.physletb.2015.03.029",
      eprint         = "1406.4513",
      archivePrefix  = "arXiv",
      primaryClass   = "hep-ph",
      reportNumber   = "MITP-14-009",
      SLACcitation   = "%%CITATION = ARXIV:1406.4513;%%"
}

@article{Bauer:2000cp,
      author         = "Bauer, Christian W. and Frink, Alexander and Kreckel,
                        Richard",
      title          = "{Introduction to the GiNaC framework for symbolic
                        computation within the C++ programming language}",
      journal        = "J. Symb. Comput.",
      volume         = "33",
      year           = "2000",
      pages          = "1",
      eprint         = "cs/0004015",
      archivePrefix  = "arXiv",
      primaryClass   = "cs-sc",
      reportNumber   = "MZ-TH-00-17",
      SLACcitation   = "%%CITATION = CS/0004015;%%"
}

@article{Vollinga:2005pk,
      author         = "Vollinga, Jens",
      title          = "{GiNaC: Symbolic computation with C++}",
      booktitle      = "{Advanced computing and analysis techniques in physics
                        research. Proceedings, 10th International Workshop,
                        ACAT05, Zeuthen, Germany, May 22-27, 2005}",
      journal        = "Nucl. Instrum. Meth.",
      volume         = "A559",
      year           = "2006",
      pages          = "282-284",
      doi            = "10.1016/j.nima.2005.11.155",
      eprint         = "hep-ph/0510057",
      archivePrefix  = "arXiv",
      primaryClass   = "hep-ph",
      reportNumber   = "MZ-TH-05-19",
      SLACcitation   = "%%CITATION = HEP-PH/0510057;%%"
}

@article{Laporta:2001dd,
      author         = "Laporta, S.",
      title          = "{High precision calculation of multiloop Feynman
                        integrals by difference equations}",
      journal        = "Int.J.Mod.Phys.",
      volume         = "A15",
      pages          = "5087-5159",
      doi            = "10.1016/S0217-751X(00)00215-7",
      year           = "2000",
      eprint         = "hep-ph/0102033",
      archivePrefix  = "arXiv",
      primaryClass   = "hep-ph",
      SLACcitation   = "%%CITATION = HEP-PH/0102033;%%",
}

@article{Anastasiou:2004vj,
      author         = "Anastasiou, Charalampos and Lazopoulos, Achilleas",
      title          = "{Automatic integral reduction for higher order
                        perturbative calculations}",
      journal        = "JHEP",
      volume         = "07",
      year           = "2004",
      pages          = "046",
      doi            = "10.1088/1126-6708/2004/07/046",
      eprint         = "hep-ph/0404258",
      archivePrefix  = "arXiv",
      primaryClass   = "hep-ph",
      reportNumber   = "SLAC-PUB-10428",
      SLACcitation   = "%%CITATION = HEP-PH/0404258;%%"
}

@article{Smirnov:2008iw,
      author         = "Smirnov, A. V.",
      title          = "{Algorithm FIRE -- Feynman Integral REduction}",
      journal        = "JHEP",
      volume         = "10",
      year           = "2008",
      pages          = "107",
      doi            = "10.1088/1126-6708/2008/10/107",
      eprint         = "0807.3243",
      archivePrefix  = "arXiv",
      primaryClass   = "hep-ph",
      reportNumber   = "TTP08-30, SFB-CPP-08-51",
      SLACcitation   = "%%CITATION = ARXIV:0807.3243;%%"
}

@article{Studerus:2009ye,
      author         = "Studerus, C.",
      title          = "{Reduze-Feynman Integral Reduction in C++}",
      journal        = "Comput. Phys. Commun.",
      volume         = "181",
      year           = "2010",
      pages          = "1293-1300",
      doi            = "10.1016/j.cpc.2010.03.012",
      eprint         = "0912.2546",
      archivePrefix  = "arXiv",
      primaryClass   = "physics.comp-ph",
      reportNumber   = "ZU-TH-18-09",
      SLACcitation   = "%%CITATION = ARXIV:0912.2546;%%"
}

@article{vonManteuffel:2012np,
      author         = "von Manteuffel, A. and Studerus, C.",
      title          = "{Reduze 2 - Distributed Feynman Integral Reduction}",
      year           = "2012",
      eprint         = "1201.4330",
      archivePrefix  = "arXiv",
      primaryClass   = "hep-ph",
      reportNumber   = "ZU-TH-01-12, MZ-TH-12-03, BI-TP-2012-02",
      SLACcitation   = "%%CITATION = ARXIV:1201.4330;%%"
}

@article{Kauers:2008zz,
      author         = "Kauers, Manuel",
      title          = "{Fast solvers for dense linear systems}",
      booktitle      = "{Proceedings, 9th DESY Workshop on Elementary Particle
                        Theory: Loops and Legs in Quantum Field Theory:
                        Sondershausen, Germany, 20-25 April 2008}",
      journal        = "Nucl. Phys. Proc. Suppl.",
      volume         = "183",
      year           = "2008",
      pages          = "245-250",
      doi            = "10.1016/j.nuclphysbps.2008.09.111",
      SLACcitation   = "%%CITATION = NUPHZ,183,245;%%"
}

@article{Peraro:2016wsq,
      author         = "Peraro, Tiziano",
      title          = "{Scattering amplitudes over finite fields and
                        multivariate functional reconstruction}",
      journal        = "JHEP",
      volume         = "12",
      year           = "2016",
      pages          = "030",
      doi            = "10.1007/JHEP12(2016)030",
      eprint         = "1608.01902",
      archivePrefix  = "arXiv",
      primaryClass   = "hep-ph",
      reportNumber   = "EDINBURGH-2016-14",
      SLACcitation   = "%%CITATION = ARXIV:1608.01902;%%"
}

@article{Georgoudis:2016wff,
      author         = "Georgoudis, Alessandro and Larsen, Kasper J. and Zhang,
                        Yang",
      title          = "{Azurite: An algebraic geometry based package for finding
                        bases of loop integrals}",
      year           = "2016",
      eprint         = "1612.04252",
      archivePrefix  = "arXiv",
      primaryClass   = "hep-th",
      SLACcitation   = "%%CITATION = ARXIV:1612.04252;%%"
}

@article{Lee:2013hzt,
      author         = "Lee, Roman N. and Pomeransky, Andrei A.",
      title          = "{Critical points and number of master integrals}",
      journal        = "JHEP",
      volume         = "11",
      year           = "2013",
      pages          = "165",
      doi            = "10.1007/JHEP11(2013)165",
      eprint         = "1308.6676",
      archivePrefix  = "arXiv",
      primaryClass   = "hep-ph",
      SLACcitation   = "%%CITATION = ARXIV:1308.6676;%%"
}

@article{Chetyrkin:1981qh,
      author         = "Chetyrkin, K. G. and Tkachov, F. V.",
      title          = "{Integration by Parts: The Algorithm to Calculate beta
                        Functions in 4 Loops}",
      journal        = "Nucl. Phys.",
      volume         = "B192",
      year           = "1981",
      pages          = "159-204",
      doi            = "10.1016/0550-3213(81)90199-1",
      SLACcitation   = "%%CITATION = NUPHA,B192,159;%%"
}

@article{Tkachov:1981wb,
      author         = "Tkachov, F. V.",
      title          = "{A Theorem on Analytical Calculability of Four Loop
                        Renormalization Group Functions}",
      journal        = "Phys. Lett.",
      volume         = "B100",
      year           = "1981",
      pages          = "65-68",
      doi            = "10.1016/0370-2693(81)90288-4",
      SLACcitation   = "%%CITATION = PHLTA,B100,65;%%"
}

@article{Kant:2013vta,
      author         = "Kant, Philipp",
      title          = "{Finding Linear Dependencies in Integration-By-Parts
                        Equations: A Monte Carlo Approach}",
      journal        = "Comput. Phys. Commun.",
      volume         = "185",
      year           = "2014",
      pages          = "1473-1476",
      doi            = "10.1016/j.cpc.2014.01.017",
      eprint         = "1309.7287",
      archivePrefix  = "arXiv",
      primaryClass   = "hep-ph",
      reportNumber   = "HU-EP-13-49, SFB-CPP-13-68",
      SLACcitation   = "%%CITATION = ARXIV:1309.7287;%%"
}

@article{Kotikov:1990kg,
      author         = "Kotikov, A.V.",
      title          = "{Differential equations method: New technique for massive
                        Feynman diagrams calculation}",
      journal        = "Phys.Lett.",
      volume         = "B254",
      pages          = "158-164",
      doi            = "10.1016/0370-2693(91)90413-K",
      year           = "1991",
      reportNumber   = "ITF-90-31E",
      SLACcitation   = "%%CITATION = PHLTA,B254,158;%%",
}

@article{Kotikov:1991pm,
      author         = "Kotikov, A.V.",
      title          = "{Differential equation method: The Calculation of N point
                        Feynman diagrams}",
      journal        = "Phys.Lett.",
      volume         = "B267",
      pages          = "123-127",
      doi            = "10.1016/0370-2693(91)90536-Y",
      year           = "1991",
      SLACcitation   = "%%CITATION = PHLTA,B267,123;%%",
}

@article{Remiddi:1997ny,
      author         = "Remiddi, E.",
      title          = "{Differential equations for Feynman graph amplitudes}",
      journal        = "Nuovo Cim.",
      volume         = "A110",
      pages          = "1435-1452",
      year           = "1997",
      eprint         = "hep-th/9711188",
      archivePrefix  = "arXiv",
      primaryClass   = "hep-th",
      reportNumber   = "DFUB-97-15",
      SLACcitation   = "%%CITATION = HEP-TH/9711188;%%",
}

@BOOKLET{Fermat,
    author = "Lewis, R. H.",
    title = "{Computer Algebra System Fermat}",
    note = "\texttt{http://www.bway.net/lewis}"
}

@BOOKLET{YAML,
    author = {YAML},
    title = "{YAML Ain't Markup Language}",
    note = "\texttt{http://yaml.org}"
}

@BOOKLET{FLINK,
    author = "Tentioukov, M.",
    title = "{gateToFermat}",
    note = "\texttt{http://science.sander.su/FLink.htm}"
}

@article{'tHooft:1972fi,
      author         = "'t Hooft, Gerard and Veltman, M. J. G.",
      title          = "{Regularization and Renormalization of Gauge Fields}",
      journal        = "Nucl. Phys.",
      volume         = "B44",
      year           = "1972",
      pages          = "189-213",
      doi            = "10.1016/0550-3213(72)90279-9",
      SLACcitation   = "%%CITATION = NUPHA,B44,189;%%"
}

@article{Gehrmann:1999as,
      author         = "Gehrmann, T. and Remiddi, E.",
      title          = "{Differential equations for two loop four point
                        functions}",
      journal        = "Nucl. Phys.",
      volume         = "B580",
      year           = "2000",
      pages          = "485-518",
      doi            = "10.1016/S0550-3213(00)00223-6",
      eprint         = "hep-ph/9912329",
      archivePrefix  = "arXiv",
      primaryClass   = "hep-ph",
      reportNumber   = "TTP-99-49",
      SLACcitation   = "%%CITATION = HEP-PH/9912329;%%"
}

@article{Tarasov:1996br,
      author         = "Tarasov, O.V.",
      title          = "{Connection between Feynman integrals 
                        having different values of the
                        space-time dimension}",
      journal        = "Phys.Rev.",
      volume         = "D54",
      pages          = "6479-6490",
      year           = "1996"
}

@article{Tarasov:1997br,
      author         = "Tarasov, O.V.",
      title          = "{Generalized recurrence relations 
                        for two loop propagator integrals
                        with arbitrary masses}",
      journal        = "Nucl.Phys.",
      volume         = "B502",
      pages          = "455-482",
      year           = "1997"
}

@article{Lee:2013mka,
      author         = "Lee, Roman N.",
      title          = "{LiteRed 1.4: a powerful tool for reduction of multiloop
                        integrals}",
      booktitle      = "{Proceedings,  15th International Workshop on Advanced
                        Computing and Analysis Techniques in Physics Research
                        (ACAT 2013): Beijing, China, May 16-21, 2013}",
      journal        = "J. Phys. Conf. Ser.",
      volume         = "523",
      year           = "2014",
      pages          = "012059",
      doi            = "10.1088/1742-6596/523/1/012059",
      eprint         = "1310.1145",
      archivePrefix  = "arXiv",
      primaryClass   = "hep-ph",
      SLACcitation   = "%%CITATION = ARXIV:1310.1145;%%"
}

@article{Lee:2012cn,
      author         = "Lee, R. N.",
      title          = "{Presenting LiteRed: a tool for the Loop InTEgrals
                        REDuction}",
      year           = "2012",
      eprint         = "1212.2685",
      archivePrefix  = "arXiv",
      primaryClass   = "hep-ph",
      SLACcitation   = "%%CITATION = ARXIV:1212.2685;%%"
}

@article{Ruijl:2017cxj,
      author         = "Ruijl, B. and Ueda, T. and Vermaseren, J. A. M.",
      title          = "{Forcer, a FORM program for the parametric reduction of
                        four-loop massless propagator diagrams}",
      year           = "2017",
      eprint         = "1704.06650",
      archivePrefix  = "arXiv",
      primaryClass   = "hep-ph",
      reportNumber   = "NIKHEF-2017-019",
      SLACcitation   = "%%CITATION = ARXIV:1704.06650;%%"
}

@article{Lee:2013hzt,
      author         = "Lee, Roman N. and Pomeransky, Andrei A.",
      title          = "{Critical points and number of master integrals}",
      journal        = "JHEP",
      volume         = "11",
      year           = "2013",
      pages          = "165",
      doi            = "10.1007/JHEP11(2013)165",
      eprint         = "1308.6676",
      archivePrefix  = "arXiv",
      primaryClass   = "hep-ph",
      SLACcitation   = "%%CITATION = ARXIV:1308.6676;%%"
}

@book{Polynom,
  title={Effective polynomial computation},
  author= "Zippel, R. E.",
  series={Vol. 241},
  year={1993},
  publisher={Springer}
}

@book{itzykson2005quantum,
  title="{Quantum field theory: Claude Itzykson and 
        Jean-Bernard Zuber}",
  author={Itzykson, C. G. and Zuber, J. B.},
  isbn={9780486445687},
  lccn={2005053026},
  series={Dover Books on Physics Series},
  url={http://books.google.de/books?id=CxYCMNrUnTEC},
  year={2005},
  publisher={McGraw-Hill}
}

@book{Smirnov,
  title="{Feynman Integral Calculus}",
  author= "Smirnov, V. A.",
  year={2006},
  publisher={Springer}
}

@book{Collins1984,
  title={Renormalization},
  author={J.Collins},
  isbn={9780486445687},
  lccn={2005053026},
  year={1984},
  publisher={Cambridge University Press}
}

@book{b:1,
      author       = "Smirnov, Vladimir A",
      title        = "Evaluating Feynman integrals",
      publisher    = "Springer",
      address      = "Berlin",
      series       = "Springer tracts in modern physics",
      year         = "2004"
}

@article{Assadsolimani:2014oga,
      author         = "Assadsolimani, M. and Kant, P. and Tausk, B. and Uwer,
                        P.",
      title          = "{Calculation of two-loop QCD corrections for hadronic
                        single top-quark production in the $t$ channel}",
      journal        = "Phys. Rev.",
      volume         = "D90",
      year           = "2014",
      number         = "11",
      pages          = "114024",
      doi            = "10.1103/PhysRevD.90.114024",
      eprint         = "1409.3654",
      archivePrefix  = "arXiv",
      primaryClass   = "hep-ph",
      reportNumber   = "HU-EP-14-32, SFB-CPP-14-71",
      SLACcitation   = "%%CITATION = ARXIV:1409.3654;%%"
}

@phdthesis{assadsolimani,
      author         = "Mohammad, A.",
      title          = "{Higher order QCD corrections to single top quark 
                        production}",
      school = {Humboldt-Universit\"at zu Berlin},
      year = {2014},
      SLACcitation   = "%%CITATION = INSPIRE-1315158;%%",
}

@article{Anastasiou:2016cez,
      author         = "Anastasiou, Charalampos and Duhr, Claude and Dulat, Falko
                        and Furlan, Elisabetta and Gehrmann, Thomas and Herzog,
                        Franz and Lazopoulos, Achilleas and Mistlberger, Bernhard",
      title          = "{High precision determination of the gluon fusion Higgs
                        boson cross-section at the LHC}",
      journal        = "JHEP",
      volume         = "05",
      year           = "2016",
      pages          = "058",
      doi            = "10.1007/JHEP05(2016)058",
      eprint         = "1602.00695",
      archivePrefix  = "arXiv",
      primaryClass   = "hep-ph",
      reportNumber   = "CP3-16-01, ZU-TH-27-15, NIKHEF-2016-004,
                        CERN-TH-2016-006",
      SLACcitation   = "%%CITATION = ARXIV:1602.00695;%%"
}

@article{Chen:2014gva,
      author         = "Chen, X. and Gehrmann, T. and Glover, E. W. N. and
                        Jaquier, M.",
      title          = "{Precise QCD predictions for the production of Higgs +
                        jet final states}",
      journal        = "Phys. Lett.",
      volume         = "B740",
      year           = "2015",
      pages          = "147-150",
      doi            = "10.1016/j.physletb.2014.11.021",
      eprint         = "1408.5325",
      archivePrefix  = "arXiv",
      primaryClass   = "hep-ph",
      reportNumber   = "IPPP-14-64, ZU-TH-27-14",
      SLACcitation   = "%%CITATION = ARXIV:1408.5325;%%"
}

@article{Ridder:2015dxa,
      author         = "Gehrmann-De Ridder, A. and Gehrmann, T. and Glover, E. W.
                        N. and Huss, A. and Morgan, T. A.",
      title          = "{Precise QCD predictions for the production of a Z boson
                        in association with a hadronic jet}",
      journal        = "Phys. Rev. Lett.",
      volume         = "117",
      year           = "2016",
      number         = "2",
      pages          = "022001",
      doi            = "10.1103/PhysRevLett.117.022001",
      eprint         = "1507.02850",
      archivePrefix  = "arXiv",
      primaryClass   = "hep-ph",
      reportNumber   = "IPPP-15-44, ZU-TH-23-15",
      SLACcitation   = "%%CITATION = ARXIV:1507.02850;%%"
}

@article{Lindert:2017pky,
      author         = "Lindert, Jonas M. and Melnikov, Kirill and Tancredi,
                        Lorenzo and Wever, Chris",
      title          = "{Top-bottom interference effects in Higgs plus jet
                        production at the LHC}",
      year           = "2017",
      eprint         = "1703.03886",
      archivePrefix  = "arXiv",
      primaryClass   = "hep-ph",
      reportNumber   = "IPPP-17-20, TTP17-012",
      SLACcitation   = "%%CITATION = ARXIV:1703.03886;%%"
}

@article{Boughezal:2015dva,
      author         = "Boughezal, Radja and Focke, Christfried and Liu, Xiaohui
                        and Petriello, Frank",
      title          = "{$W$-boson production in association with a jet at
                        next-to-next-to-leading order in perturbative QCD}",
      journal        = "Phys. Rev. Lett.",
      volume         = "115",
      year           = "2015",
      number         = "6",
      pages          = "062002",
      doi            = "10.1103/PhysRevLett.115.062002",
      eprint         = "1504.02131",
      archivePrefix  = "arXiv",
      primaryClass   = "hep-ph",
      SLACcitation   = "%%CITATION = ARXIV:1504.02131;%%"
}

@article{Boughezal:2015ded,
      author         = "Boughezal, Radja and Campbell, John M. and Ellis, R.
                        Keith and Focke, Christfried and Giele, Walter T. and Liu,
                        Xiaohui and Petriello, Frank",
      title          = "{Z-boson production in association with a jet at
                        next-to-next-to-leading order in perturbative QCD}",
      journal        = "Phys. Rev. Lett.",
      volume         = "116",
      year           = "2016",
      number         = "15",
      pages          = "152001",
      doi            = "10.1103/PhysRevLett.116.152001",
      eprint         = "1512.01291",
      archivePrefix  = "arXiv",
      primaryClass   = "hep-ph",
      reportNumber   = "FERMILAB-PUB-15-519-T, IPPP-15-79",
      SLACcitation   = "%%CITATION = ARXIV:1512.01291;%%"
}

@article{Grazzini:2016swo,
      author         = "Grazzini, Massimiliano and Kallweit, Stefan and Rathlev,
                        Dirk and Wiesemann, Marius",
      title          = "{$W^{\pm}Z$ production at hadron colliders in NNLO QCD}",
      journal        = "Phys. Lett.",
      volume         = "B761",
      year           = "2016",
      pages          = "179-183",
      doi            = "10.1016/j.physletb.2016.08.017",
      eprint         = "1604.08576",
      archivePrefix  = "arXiv",
      primaryClass   = "hep-ph",
      reportNumber   = "ZU-TH-15-16, MITP-16-037, NSF-KITP-16-046, DESY-16-074",
      SLACcitation   = "%%CITATION = ARXIV:1604.08576;%%"
}

@article{Grazzini:2015nwa,
      author         = "Grazzini, Massimiliano and Kallweit, Stefan and Rathlev,
                        Dirk",
      title          = "{$W\gamma$ and $Z\gamma$ production at the LHC in NNLO
                        QCD}",
      journal        = "JHEP",
      volume         = "07",
      year           = "2015",
      pages          = "085",
      doi            = "10.1007/JHEP07(2015)085",
      eprint         = "1504.01330",
      archivePrefix  = "arXiv",
      primaryClass   = "hep-ph",
      reportNumber   = "ZU-TH-04-15, MITP-15-021",
      SLACcitation   = "%%CITATION = ARXIV:1504.01330;%%"
}

@article{Borowka:2016ehy,
      author         = "Borowka, S. and Greiner, N. and Heinrich, G. and Jones,
                        S.‚ÄâP. and Kerner, M. and Schlenk, J. and Schubert, U.
                        and Zirke, T.",
      title          = "{Higgs Boson Pair Production in Gluon Fusion at
                        Next-to-Leading Order with Full Top-Quark Mass
                        Dependence}",
      journal        = "Phys. Rev. Lett.",
      volume         = "117",
      year           = "2016",
      number         = "1",
      pages          = "012001",
      doi            = "10.1103/PhysRevLett.117.079901,
                        10.1103/PhysRevLett.117.012001",
      note           = "[Erratum: Phys. Rev. Lett.117,no.7,079901(2016)]",
      eprint         = "1604.06447",
      archivePrefix  = "arXiv",
      primaryClass   = "hep-ph",
      reportNumber   = "MPP-2016-80, NSF-KITP-16-040, ZH-TH-14-16",
      SLACcitation   = "%%CITATION = ARXIV:1604.06447;%%"
}

@article{Cascioli:2014yka,
      author         = "Cascioli, F. and Gehrmann, T. and Grazzini, M. and
                        Kallweit, S. and Maierh√∂fer, P. and von Manteuffel, A.
                        and Pozzorini, S. and Rathlev, D. and Tancredi, L. and
                        Weihs, E.",
      title          = "{ZZ production at hadron colliders in NNLO QCD}",
      journal        = "Phys. Lett.",
      volume         = "B735",
      year           = "2014",
      pages          = "311-313",
      doi            = "10.1016/j.physletb.2014.06.056",
      eprint         = "1405.2219",
      archivePrefix  = "arXiv",
      primaryClass   = "hep-ph",
      reportNumber   = "ZU-TH-19-14, MITP-14-033",
      SLACcitation   = "%%CITATION = ARXIV:1405.2219;%%"
}

@article{Gehrmann:2014fva,
      author         = "Gehrmann, T. and Grazzini, M. and Kallweit, S. and
                        Maierh√∂fer, P. and von Manteuffel, A. and Pozzorini, S.
                        and Rathlev, D. and Tancredi, L.",
      title          = "{$W^+W^-$ Production at Hadron Colliders in Next to Next
                        to Leading Order QCD}",
      journal        = "Phys. Rev. Lett.",
      volume         = "113",
      year           = "2014",
      number         = "21",
      pages          = "212001",
      doi            = "10.1103/PhysRevLett.113.212001",
      eprint         = "1408.5243",
      archivePrefix  = "arXiv",
      primaryClass   = "hep-ph",
      reportNumber   = "ZU-TH-29-14, MITP-14-053",
      SLACcitation   = "%%CITATION = ARXIV:1408.5243;%%"
}

@article{Caola:2015psa,
      author         = "Caola, Fabrizio and Melnikov, Kirill and R√∂ntsch, Raoul
                        and Tancredi, Lorenzo",
      title          = "{QCD corrections to ZZ production in gluon fusion at the
                        LHC}",
      journal        = "Phys. Rev.",
      volume         = "D92",
      year           = "2015",
      number         = "9",
      pages          = "094028",
      doi            = "10.1103/PhysRevD.92.094028",
      eprint         = "1509.06734",
      archivePrefix  = "arXiv",
      primaryClass   = "hep-ph",
      reportNumber   = "TTP15-035, CERN-PH-TH-2015-226, FERMILAB-PUB-15-398-T",
      SLACcitation   = "%%CITATION = ARXIV:1509.06734;%%"
}

@article{Caola:2015rqy,
      author         = "Caola, Fabrizio and Melnikov, Kirill and R√∂ntsch, Raoul
                        and Tancredi, Lorenzo",
      title          = "{QCD corrections to $W^+W^-$ production through gluon
                        fusion}",
      journal        = "Phys. Lett.",
      volume         = "B754",
      year           = "2016",
      pages          = "275-280",
      doi            = "10.1016/j.physletb.2016.01.046",
      eprint         = "1511.08617",
      archivePrefix  = "arXiv",
      primaryClass   = "hep-ph",
      reportNumber   = "CERN-PH-TH-2015-276, TTP15-041",
      SLACcitation   = "%%CITATION = ARXIV:1511.08617;%%"
}

@article{vonManteuffel:2016xki,
      author         = "von Manteuffel, Andreas and Schabinger, Robert M.",
      title          = "{Quark and gluon form factors to four-loop order in QCD:
                        the $N_f^3$ contributions}",
      journal        = "Phys. Rev.",
      volume         = "D95",
      year           = "2017",
      number         = "3",
      pages          = "034030",
      doi            = "10.1103/PhysRevD.95.034030",
      eprint         = "1611.00795",
      archivePrefix  = "arXiv",
      primaryClass   = "hep-ph",
      reportNumber   = "MITP-16-097, TCDMATH-16-15",
      SLACcitation   = "%%CITATION = ARXIV:1611.00795;%%"
}
