
@incollection{kira:1_1,
    author = "Maierhöfer, Philipp and Usovitsch, Johann",
    title = "{Kira 1.1 Release Notes}",
    url = "https://kira.hepforge.org/downloads?f=papers/kira-release-notes-1.1.pdf"
}

@article{Maierhofer:2018gpa,
    author = "Maierhöfer, Philipp and Usovitsch, Johann",
    title = "{Kira 1.2 Release Notes}",
    eprint = "1812.01491",
    archivePrefix = "arXiv",
    primaryClass = "hep-ph",
    reportNumber = "FR-PHENO-2018-15, TCDMATH 18-18",
    month = "12",
    year = "2018"
}

@article{Grozin:2004yc,
    author = "Grozin, A. G.",
    title = "{Heavy Quark Effective Theory}",
    doi = "10.1007/b79301",
    journal = "Springer Tracts Mod. Phys.",
    volume = "201",
    pages = "1--213",
    year = "2004"
}

@book{Manohar,
    author = "A.V. Manohar and M.B. Wise",
    title = "{Heavy Quark Physics}",
    publisher = "{Cambridge University Press}",
    year = "2000"
}

@article{Neubert:1993mb,
    author = "Neubert, Matthias",
    title = "{Heavy quark symmetry}",
    eprint = "hep-ph/9306320",
    archivePrefix = "arXiv",
    reportNumber = "SLAC-PUB-6263",
    doi = "10.1016/0370-1573(94)90091-4",
    journal = "Phys. Rept.",
    volume = "245",
    pages = "259--396",
    year = "1994"
}

@article{Frellesvig:2020qot,
    author = "Frellesvig, Hjalte and Gasparotto, Federico and Laporta, Stefano and Mandal, Manoj K. and Mastrolia, Pierpaolo and Mattiazzi, Luca and Mizera, Sebastian",
    title = "{Decomposition of Feynman Integrals by Multivariate Intersection Numbers}",
    eprint = "2008.04823",
    archivePrefix = "arXiv",
    primaryClass = "hep-th",
    month = "8",
    year = "2020"
}

@article{Smirnov:2020quc,
    author = "Smirnov, A. V. and Smirnov, V. A.",
    title = "{How to choose master integrals}",
    eprint = "2002.08042",
    archivePrefix = "arXiv",
    primaryClass = "hep-ph",
    reportNumber = "P3H-20-008, TTP20-008",
    month = "2",
    year = "2020"
}

@article{Usovitsch:2020jrk,
    author = "Usovitsch, Johann",
    title = "{Factorization of denominators in integration-by-parts reductions}",
    eprint = "2002.08173",
    archivePrefix = "arXiv",
    primaryClass = "hep-ph",
    month = "2",
    year = "2020"
}

@article{BSMF_1992__120_3_371_0,
     author = {Sabbah, Claude},
     title = {Lieu des p\^oles d'un syst\`eme holonome d'\'equations aux diff\'erences finies},
     journal = {Bulletin de la Soci\'et\'e Math\'ematique de France},
     publisher = {Soci\'et\'e math\'ematique de France},
     volume = {120},
     number = {3},
     year = {1992},
     pages = {371-396},
     doi = {10.24033/bsmf.2191},
     zbl = {0766.32011},
     mrnumber = {94e:39006},
     language = {fr},
     url = {https://www.numdam.org/item/BSMF_1992__120_3_371_0}
}

@article{Tkachov:1981wb,
    author = "Tkachov, F. V.",
    title = "{A theorem on analytical calculability of 4-loop renormalization group functions}",
    doi = "10.1016/0370-2693(81)90288-4",
    journal = "Phys. Lett. B",
    volume = "100",
    pages = "65--68",
    year = "1981"
}

@article{Francesco:2019yqt,
    author = "Moriello, Francesco",
    title = "{Generalised power series expansions for the elliptic planar families of Higgs + jet production at two loops}",
    eprint = "1907.13234",
    archivePrefix = "arXiv",
    primaryClass = "hep-ph",
    doi = "10.1007/JHEP01(2020)150",
    journal = "JHEP",
    volume = "01",
    pages = "150",
    year = "2020"
}

@article{Hidding:2020ytt,
    author = "Hidding, Martijn",
    title = "{DiffExp, a Mathematica package for computing Feynman integrals in terms of one-dimensional series expansions}",
    eprint = "2006.05510",
    archivePrefix = "arXiv",
    primaryClass = "hep-ph",
    month = "6",
    year = "2020"
}

@article{vonManteuffel:2015gxa,
    author = "von Manteuffel, Andreas and Panzer, Erik and Schabinger, Robert M.",
    title = "{Computation of form factors in massless QCD with finite master integrals}",
    eprint = "1510.06758",
    archivePrefix = "arXiv",
    primaryClass = "hep-ph",
    reportNumber = "MITP-15-072, TCDMATH-15-10",
    doi = "10.1103/PhysRevD.93.125014",
    journal = "Phys. Rev. D",
    volume = "93",
    number = "12",
    pages = "125014",
    year = "2016"
}

@article{Frellesvig:2018ymi,
    author = "Frellesvig, Hjalte and Bonciani, Roberto and Del Duca, Vittorio and Moriello, Francesco and Henn, Johannes and Smirnov, Vladimir",
    title = "{Non-planar two-loop Feynman integrals contributing to Higgs plus jet production}",
    doi = "10.22323/1.303.0076",
    journal = "PoS",
    volume = "LL2018",
    pages = "076",
    year = "2018"
}

@article{Henn:2013pwa,
    author = "Henn, Johannes M.",
    title = "{Multiloop Integrals in Dimensional Regularization Made Simple}",
    eprint = "1304.1806",
    archivePrefix = "arXiv",
    primaryClass = "hep-th",
    doi = "10.1103/PhysRevLett.110.251601",
    journal = "Phys. Rev. Lett.",
    volume = "110",
    pages = "251601",
    year = "2013"
}

@article{Argeri:2014qva,
    author = "Argeri, Mario and Di Vita, Stefano and Mastrolia, Pierpaolo and Mirabella, Edoardo and Schlenk, Johannes and Schubert, Ulrich and Tancredi, Lorenzo",
    title = "{Magnus and Dyson series for Master Integrals}",
    eprint = "1401.2979",
    archivePrefix = "arXiv",
    primaryClass = "hep-ph",
    doi = "10.1007/JHEP03(2014)082",
    journal = "JHEP",
    volume = "03",
    pages = "082",
    year = "2014"
}

@article{Papadopoulos:2014hla,
    author = "Papadopoulos, Costas G. and Tommasini, Damiano and Wever, Christopher",
    title = "{Two-loop master integrals with the simplified differential equations approach}",
    eprint = "1409.6114",
    archivePrefix = "arXiv",
    primaryClass = "hep-ph",
    doi = "10.1007/JHEP01(2015)072",
    journal = "JHEP",
    volume = "01",
    pages = "072",
    year = "2015"
}

@article{Papadopoulos:2019iam,
    author = "Papadopoulos, Costas G. and Wever, Christopher",
    title = "{Internal reduction method for computing Feynman integrals}",
    eprint = "1910.06275",
    archivePrefix = "arXiv",
    primaryClass = "hep-ph",
    reportNumber = "TUM-HEP-1232/19",
    doi = "10.1007/JHEP02(2020)112",
    journal = "JHEP",
    volume = "02",
    pages = "112",
    year = "2020"
}

@article{Hidding:2017jkk,
    author = "Hidding, Martijn and Moriello, Francesco",
    title = "{All orders structure and efficient computation of linearly reducible elliptic Feynman integrals}",
    eprint = "1712.04441",
    archivePrefix = "arXiv",
    primaryClass = "hep-ph",
    doi = "10.1007/JHEP01(2019)169",
    journal = "JHEP",
    volume = "01",
    pages = "169",
    year = "2019"
}

@incollection{Mathematica,
    author = "Wolfram Research",
    title = "{Mathematica}",
    url = "https://www.wolfram.com"
}

@incollection{ZLIB,
    author = "Gailly, Jean-loup and Adler, Mark",
    title = "{zlib}",
    url = "https://zlib.net"
}

@incollection{SQLite3,
    author = "Hipp, D.~Richard",
    title = "{SQLite3}",
    url = "https://www.sqlite.org"
}

@incollection{Autotools,
    author = "{GNU Project}",
    title = "{Autotools}",
    url = "https://www.gnu.org/software/automake/manual/html\_node/Autotools-Introduction.html"
}

@incollection{Meson,
    author = "Pakkanen, Jussi",
    title = "{The Meson Build system}",
    url = "https://mesonbuild.com"
}

@incollection{Ninja,
    author = "Martin, Evan",
    title = "{Ninja}",
    url = "https://ninja-build.org"
}

@incollection{GiNaC,
    author = "Bauer, C. and Frink, A. and Kreckel, R. B. and others",
    title = "{GiNaC is not a CAS}",
    url = "https://www.ginac.de"
}

@incollection{CLN,
    title = "{CLN - Class Library for Numbers}",
    author = "Haible, Bruno and  Kreckel, Richard B.",
    url = "https://www.ginac.de/CLN"
}

@incollection{YAML,
    author = "Evans, Clarl and döt Net, Ingy and Ben-Kiki, Oren and others",
    title = "{YAML Ain't Markup Language}",
    url = "https://yaml.org"
}

@incollection{YAMLCPP,
    author = "Beder, Jesse and others",
    title = "{yaml-cpp}",
    url = "https://github.com/jbeder/yaml-cpp"
}

@incollection{GMP,
    author = "{GNU Project}",
    title = "{GNU Multiple Precision Arithmetic Library}",
    url = "https://gmplib.org"
}

@incollection{MPFR,
    author = "{GNU Project}",
    title = "{GNU Multiple Precision Floating-Point Reliable Library}",
    url = "https://www.mpfr.org"
}

@incollection{jemalloc,
    author = "J. Evans and others",
    title = "{jemalloc memory allocator}",
    url = "http://jemalloc.net"
}

@incollection{Fermat,
    author = "Lewis, R. H.",
    title = "{Computer Algebra System Fermat}",
    url = "https://home.bway.net/lewis"
}

@incollection{FLINK,
    author = "Tentioukov, M.",
    title = "{gateToFermat}",
    url = "https://science.sander.su/FLink.htm"
}

@article{Maierhoefer:2017hyi,
      author         = "Maierhöfer, Philipp and Usovitsch, Johann and Uwer,
                        Peter",
      title          = "{Kira—A Feynman integral reduction program}",
      journal        = "Comput. Phys. Commun.",
      volume         = "230",
      year           = "2018",
      pages          = "99-112",
      doi            = "10.1016/j.cpc.2018.04.012",
      eprint         = "1705.05610",
      archivePrefix  = "arXiv",
      primaryClass   = "hep-ph",
      SLACcitation   = "%%CITATION = ARXIV:1705.05610;%%"
}

%%% contains utf-8, see: https://inspirehep.net/info/faq/general#utf8
%%% add \usepackage[utf8]{inputenc} to your latex preamble
@article{Boehm:2018fpv,
      author         = "Böhm, Janko and Georgoudis, Alessandro and Larsen,
                        Kasper J. and Schönemann, Hans and Zhang, Yang",
      title          = "{Complete integration-by-parts reductions of the
                        non-planar hexagon-box via module intersections}",
      journal        = "JHEP",
      volume         = "09",
      year           = "2018",
      pages          = "024",
      doi            = "10.1007/JHEP09(2018)024",
      eprint         = "1805.01873",
      archivePrefix  = "arXiv",
      primaryClass   = "hep-th",
      reportNumber   = "MITP/18-034, UUITP-16/18, MITP-18-034, UUITP-16-18",
      SLACcitation   = "%%CITATION = ARXIV:1805.01873;%%"
}


%%% contains utf-8, see: https://inspirehep.net/info/faq/general#utf8
%%% add \usepackage[utf8]{inputenc} to your latex preamble
@article{Boehm:2017wjc,
      author         = "Böhm, Janko and Georgoudis, Alessandro and Larsen,
                        Kasper J. and Schulze, Mathias and Zhang, Yang",
      title          = "{Complete sets of logarithmic vector fields for
                        integration-by-parts identities of Feynman integrals}",
      journal        = "Phys. Rev.",
      volume         = "D98",
      year           = "2018",
      number         = "2",
      pages          = "025023",
      doi            = "10.1103/PhysRevD.98.025023",
      eprint         = "1712.09737",
      archivePrefix  = "arXiv",
      primaryClass   = "hep-th",
      reportNumber   = "MITP-17-104, UUITP-44-17, MITP/17-104, UUITP-44/17",
      SLACcitation   = "%%CITATION = ARXIV:1712.09737;%%"
}

@article{Larsen:2015ped,
      author         = "Larsen, Kasper J. and Zhang, Yang",
      title          = "{Integration-by-parts reductions from unitarity cuts and
                        algebraic geometry}",
      journal        = "Phys. Rev.",
      volume         = "D93",
      year           = "2016",
      number         = "4",
      pages          = "041701",
      doi            = "10.1103/PhysRevD.93.041701",
      eprint         = "1511.01071",
      archivePrefix  = "arXiv",
      primaryClass   = "hep-th",
      SLACcitation   = "%%CITATION = ARXIV:1511.01071;%%"
}

@article{Ruijl:2017cxj,
      author         = "Ruijl, B. and Ueda, T. and Vermaseren, J. A. M.",
      title          = "{Forcer, a FORM program for the parametric reduction of
                        four-loop massless propagator diagrams}",
      year           = "2017",
      eprint         = "1704.06650",
      archivePrefix  = "arXiv",
      primaryClass   = "hep-ph",
      reportNumber   = "NIKHEF-2017-019",
      SLACcitation   = "%%CITATION = ARXIV:1704.06650;%%"
}

@article{Bauer:2000cp,
      author         = "Bauer, Christian and Frink, Alexander and Kreckel,
                        Richard",
      title          = "{Introduction to the GiNaC Framework for Symbolic Computation within the C++ Programming Language}",
      journal        = "J. Symb. Comput.",
      volume         = "33",
      year           = "2002",
      pages          = "1",
      doi            = "10.1006/jsco.2001.0494",
      eprint         = "cs/0004015",
      archivePrefix  = "arXiv",
      primaryClass   = "cs-sc",
      reportNumber   = "MZ-TH-00-17",
      SLACcitation   = "%%CITATION = CS/0004015;%%"
}

@article{Vollinga:2005pk,
      author         = "Vollinga, Jens",
      title          = "{GiNaC: Symbolic computation with C++}",
      booktitle      = "{Advanced computing and analysis techniques in physics
                        research. Proceedings, 10th International Workshop,
                        ACAT05, Zeuthen, Germany, May 22-27, 2005}",
      journal        = "Nucl. Instrum. Meth.",
      volume         = "A559",
      year           = "2006",
      pages          = "282-284",
      doi            = "10.1016/j.nima.2005.11.155",
      eprint         = "hep-ph/0510057",
      archivePrefix  = "arXiv",
      primaryClass   = "hep-ph",
      reportNumber   = "MZ-TH-05-19",
      SLACcitation   = "%%CITATION = HEP-PH/0510057;%%"
}

@article{Chawdhry:2018awn,
      author         = "Chawdhry, Herschel A. and Lim, Matthew A. and Mitov,
                        Alexander",
      title          = "{Two-loop five-point massless QCD amplitudes within the
                        IBP approach}",
      year           = "2018",
      eprint         = "1805.09182",
      archivePrefix  = "arXiv",
      primaryClass   = "hep-ph",
      reportNumber   = "Cavendish-HEP-18/11, CAVENDISH-HEP-18-11",
      SLACcitation   = "%%CITATION = ARXIV:1805.09182;%%"
}

@inproceedings{Blondel:2018mad,
      author         = "Blondel, A. and others",
      title          = "{Standard Model Theory for the FCC-ee: The Tera-Z}",
      booktitle      = "{Mini Workshop on Precision EW and QCD Calculations for
                        the FCC Studies : Methods and Techniques CERN, Geneva,
                        Switzerland, January 12-13, 2018}",
      year           = "2018",
      eprint         = "1809.01830",
      archivePrefix  = "arXiv",
      primaryClass   = "hep-ph",
      reportNumber   = "BU-HEPP-18-04, CERN-TH-2018-145, IFJ-PAN-IV-2018-09, KW
                        18-003, MITP/18-052, MPP-2018-143, SI-HEP-2018-21",
      SLACcitation   = "%%CITATION = ARXIV:1809.01830;%%"
}

@article{Usovitsch:2018shx,
      author         = "Usovitsch, Johann and Dubovyk, Ievgen and Riemann, Tord",
      title          = "{MBnumerics: Numerical integration of Mellin-Barnes
                        integrals in physical regions}",
      booktitle      = "{Proceedings, 14th DESY Workshop on Elementary Particle
                        Physics: Loops and Legs in Quantum Field Theory 2018
                        (LL2018): St. Goar, Germany, April 29-May 04, 2018}",
      journal        = "PoS",
      volume         = "LL2018",
      year           = "2018",
      pages          = "046",
      eprint         = "1810.04580",
      archivePrefix  = "arXiv",
      primaryClass   = "hep-ph",
      reportNumber   = "DESY 18-121, DESY-18-121, KW 18-008",
      SLACcitation   = "%%CITATION = ARXIV:1810.04580;%%"
}

@article{Dubovyk:2018rlg,
      author         = "Dubovyk, Ievgen and Freitas, Ayres and Gluza, Janusz and
                        Riemann, Tord and Usovitsch, Johann",
      title          = "{Complete electroweak two-loop corrections to Z boson
                        production and decay}",
      journal        = "Phys. Lett.",
      volume         = "B783",
      year           = "2018",
      pages          = "86-94",
      doi            = "10.1016/j.physletb.2018.06.037",
      eprint         = "1804.10236",
      archivePrefix  = "arXiv",
      primaryClass   = "hep-ph",
      SLACcitation   = "%%CITATION = ARXIV:1804.10236;%%"
}

@article{Dubovyk:2017cqw,
      author         = "Dubovyk, Ievgen and Gluza, Janusz and Jelinski, Tomasz
                        and Riemann, Tord and Usovitsch, Johann",
      title          = "{New prospects for the numerical calculation of
                        Mellin-Barnes integrals in Minkowskian kinematics}",
      booktitle      = "{Proceedings, 23rd Cracow Epiphany Conference on Particle
                        Theory Meets the First Data from LHC Run 2: Cracow,
                        Poland, January 9-12, 2017}",
      journal        = "Acta Phys. Polon.",
      volume         = "B48",
      year           = "2017",
      pages          = "995",
      doi            = "10.5506/APhysPolB.48.995",
      eprint         = "1704.02288",
      archivePrefix  = "arXiv",
      primaryClass   = "hep-ph",
      reportNumber   = "KW-17-001",
      SLACcitation   = "%%CITATION = ARXIV:1704.02288;%%"
}

@article{Dubovyk:2017caa,
      author         = "Dubovyk, I. and Freitas, A. and Gluza, J. and Riemann, T.
                        and Usovitsch, J.",
      title          = "{Electroweak Bosonic 2-loop Corrections to the $Z$-pole
                        Precision Observables}",
      booktitle      = "{Proceedings, 41st International Conference of
                        Theoretical Physics: Matter to the Deepest: Kroczyce,
                        Poland, September 4-8, 2017}",
      journal        = "Acta Phys. Polon.",
      volume         = "B48",
      year           = "2017",
      pages          = "2321",
      doi            = "10.5506/APhysPolB.48.2321",
      SLACcitation   = "%%CITATION = APPOA,B48,2321;%%"
}

@article{Dubovyk:2016aqv,
      author         = "Dubovyk, Ievgen and Freitas, Ayres and Gluza, Janusz and
                        Riemann, Tord and Usovitsch, Johann",
      title          = "{The two-loop electroweak bosonic corrections to
                        $\sin^2\theta^\mathrm{b}_\mathrm{eff}$}",
      journal        = "Phys. Lett.",
      volume         = "B762",
      year           = "2016",
      pages          = "184-189",
      doi            = "10.1016/j.physletb.2016.09.012",
      eprint         = "1607.08375",
      archivePrefix  = "arXiv",
      primaryClass   = "hep-ph",
      reportNumber   = "DESY-16-119, KW-16-002",
      SLACcitation   = "%%CITATION = ARXIV:1607.08375;%%"
}

@article{Dubovyk:2016zok,
      author         = "Dubovyk, I. and Freitas, A. and Gluza, J. and Riemann, T.
                        and Usovitsch, J.",
      title          = "{30 years, some 700 integrals, and 1 dessert, or:
                        Electroweak two-loop corrections to the Z$\bar b$b
                        vertex}",
      booktitle      = "{Proceedings, 13th DESY Workshop on Elementary Particle
                        Physics: Loops and Legs in Quantum Field Theory (LL2016):
                        Leipzig, Germany, April 24-29, 2016}",
      journal        = "PoS",
      volume         = "LL2016",
      year           = "2016",
      pages          = "075",
      doi            = "10.22323/1.260.0075",
      eprint         = "1610.07059",
      archivePrefix  = "arXiv",
      primaryClass   = "hep-ph",
      reportNumber   = "HU-EP-16-36, KW-16-003",
      SLACcitation   = "%%CITATION = ARXIV:1610.07059;%%"
}

@article{Dubovyk:2016ocz,
      author         = "Dubovyk, Ievgen and Gluza, Janusz and Riemann, Tord and
                        Usovitsch, Johann",
      title          = "{Numerical integration of massive two-loop Mellin-Barnes
                        integrals in Minkowskian regions}",
      booktitle      = "{Proceedings, 13th DESY Workshop on Elementary Particle
                        Physics: Loops and Legs in Quantum Field Theory (LL2016):
                        Leipzig, Germany, April 24-29, 2016}",
      journal        = "PoS",
      volume         = "LL2016",
      year           = "2016",
      pages          = "034",
      doi            = "10.22323/1.260.0034",
      eprint         = "1607.07538",
      archivePrefix  = "arXiv",
      primaryClass   = "hep-ph",
      reportNumber   = "DESY-16-120, KW-16-01",
      SLACcitation   = "%%CITATION = ARXIV:1607.07538;%%"
}

@article{Harlander:2018zpi,
      author         = "Harlander, Robert V. and Kluth, Yannick and Lange,
                        Fabian",
      title          = "{The two-loop energy–momentum tensor within the
                        gradient-flow formalism}",
      journal        = "Eur. Phys. J.",
      volume         = "C78",
      year           = "2018",
      number         = "11",
      pages          = "944",
      doi            = "10.1140/epjc/s10052-018-6415-7",
      eprint         = "1808.09837",
      archivePrefix  = "arXiv",
      primaryClass   = "hep-lat",
      reportNumber   = "TTK-18-32",
      SLACcitation   = "%%CITATION = ARXIV:1808.09837;%%",
      note           = "[Erratum: Eur.Phys.J.C 79, 858 (2019)]"
}

@article{Laporta:2001dd,
      author         = "Laporta, S.",
      title          = "{High-precision calculation of multiloop Feynman
                        integrals by difference equations}",
      journal        = "Int.J.Mod.Phys.",
      volume         = "A15",
      pages          = "5087-5159",
      doi            = "10.1016/S0217-751X(00)00215-7",
      year           = "2000",
      eprint         = "hep-ph/0102033",
      archivePrefix  = "arXiv",
      primaryClass   = "hep-ph",
      SLACcitation   = "%%CITATION = HEP-PH/0102033;%%",
}

@article{Chetyrkin:1981qh,
      author         = "Chetyrkin, K. G. and Tkachov, F. V.",
      title          = "{Integration by parts: The algorithm to calculate $\beta$-functions in 4 loops}",
      journal        = "Nucl. Phys.",
      volume         = "B192",
      year           = "1981",
      pages          = "159-204",
      doi            = "10.1016/0550-3213(81)90199-1",
      SLACcitation   = "%%CITATION = NUPHA,B192,159;%%"
}

@article{Gehrmann:1999as,
      author         = "Gehrmann, T. and Remiddi, E.",
      title          = "{Differential equations for two-loop four-point
                        functions}",
      journal        = "Nucl. Phys.",
      volume         = "B580",
      year           = "2000",
      pages          = "485-518",
      doi            = "10.1016/S0550-3213(00)00223-6",
      eprint         = "hep-ph/9912329",
      archivePrefix  = "arXiv",
      primaryClass   = "hep-ph",
      reportNumber   = "TTP-99-49",
      SLACcitation   = "%%CITATION = HEP-PH/9912329;%%"
}

@article{Anastasiou:2004vj,
      author         = "Anastasiou, Charalampos and Lazopoulos, Achilleas",
      title          = "{Automatic integral reduction for higher order
                        perturbative calculations}",
      journal        = "JHEP",
      volume         = "07",
      year           = "2004",
      pages          = "046",
      doi            = "10.1088/1126-6708/2004/07/046",
      eprint         = "hep-ph/0404258",
      archivePrefix  = "arXiv",
      primaryClass   = "hep-ph",
      reportNumber   = "SLAC-PUB-10428",
      SLACcitation   = "%%CITATION = HEP-PH/0404258;%%"
}

@article{vonManteuffel:2012np,
      author         = "von Manteuffel, A. and Studerus, C.",
      title          = "{Reduze 2 -- Distributed Feynman Integral Reduction}",
      year           = "2012",
      eprint         = "1201.4330",
      archivePrefix  = "arXiv",
      primaryClass   = "hep-ph",
      reportNumber   = "ZU-TH-01-12, MZ-TH-12-03, BI-TP-2012-02",
      SLACcitation   = "%%CITATION = ARXIV:1201.4330;%%"
}

@article{Smirnov:2014hma,
      author         = "Smirnov, Alexander V.",
      title          = "{FIRE5: A C++ implementation of Feynman Integral
                        REduction}",
      journal        = "Comput. Phys. Commun.",
      volume         = "189",
      year           = "2015",
      pages          = "182-191",
      doi            = "10.1016/j.cpc.2014.11.024",
      eprint         = "1408.2372",
      archivePrefix  = "arXiv",
      primaryClass   = "hep-ph",
      reportNumber   = "SFB-CPP-14-60",
      SLACcitation   = "%%CITATION = ARXIV:1408.2372;%%"
}

@article{Kosower:2018obg,
      author         = "Kosower, David A.",
      title          = "{Direct solution of integration-by-parts systems}",
      journal        = "Phys. Rev.",
      volume         = "D98",
      year           = "2018",
      number         = "2",
      pages          = "025008",
      doi            = "10.1103/PhysRevD.98.025008",
      eprint         = "1804.00131",
      archivePrefix  = "arXiv",
      primaryClass   = "hep-ph",
      SLACcitation   = "%%CITATION = ARXIV:1804.00131;%%"
}

@article{Smirnov:2005ky,
      author         = "Smirnov, A. V. and Smirnov, Vladimir A.",
      title          = "{Applying Grobner bases to solve reduction problems for
                        Feynman integrals}",
      journal        = "JHEP",
      volume         = "01",
      year           = "2006",
      pages          = "001",
      doi            = "10.1088/1126-6708/2006/01/001",
      eprint         = "hep-lat/0509187",
      archivePrefix  = "arXiv",
      primaryClass   = "hep-lat",
      SLACcitation   = "%%CITATION = HEP-LAT/0509187;%%"
}

@article{Lee:2012cn,
      author         = "Lee, R. N.",
      title          = "{Presenting LiteRed: a tool for the Loop InTEgrals
                        REDuction}",
      year           = "2012",
      eprint         = "1212.2685",
      archivePrefix  = "arXiv",
      primaryClass   = "hep-ph",
      SLACcitation   = "%%CITATION = ARXIV:1212.2685;%%"
}

@article{Lee:2013mka,
      author         = "Lee, Roman N.",
      title          = "{LiteRed 1.4: a powerful tool for reduction of multiloop
                        integrals}",
      booktitle      = "{Proceedings,  15th International Workshop on Advanced
                        Computing and Analysis Techniques in Physics Research
                        (ACAT 2013): Beijing, China, May 16-21, 2013}",
      journal        = "J. Phys. Conf. Ser.",
      volume         = "523",
      year           = "2014",
      pages          = "012059",
      doi            = "10.1088/1742-6596/523/1/012059",
      eprint         = "1310.1145",
      archivePrefix  = "arXiv",
      primaryClass   = "hep-ph",
      SLACcitation   = "%%CITATION = ARXIV:1310.1145;%%"
}

@article{Anastasiou:2002yz,
      author         = "Anastasiou, Charalampos and Melnikov, Kirill",
      title          = "{Higgs boson production at hadron colliders in NNLO QCD}",
      journal        = "Nucl. Phys.",
      volume         = "B646",
      year           = "2002",
      pages          = "220-256",
      doi            = "10.1016/S0550-3213(02)00837-4",
      eprint         = "hep-ph/0207004",
      archivePrefix  = "arXiv",
      primaryClass   = "hep-ph",
      reportNumber   = "SLAC-PUB-9273",
      SLACcitation   = "%%CITATION = HEP-PH/0207004;%%"
}

@article{vonManteuffel:2014ixa,
      author         = "von Manteuffel, Andreas and Schabinger, Robert M.",
      title          = "{A novel approach to integration by parts reduction}",
      journal        = "Phys. Lett.",
      volume         = "B744",
      year           = "2015",
      pages          = "101-104",
      doi            = "10.1016/j.physletb.2015.03.029",
      eprint         = "1406.4513",
      archivePrefix  = "arXiv",
      primaryClass   = "hep-ph",
      reportNumber   = "MITP-14-009",
      SLACcitation   = "%%CITATION = ARXIV:1406.4513;%%"
}

@article{Peraro:2016wsq,
      author         = "Peraro, Tiziano",
      title          = "{Scattering amplitudes over finite fields and
                        multivariate functional reconstruction}",
      journal        = "JHEP",
      volume         = "12",
      year           = "2016",
      pages          = "030",
      doi            = "10.1007/JHEP12(2016)030",
      eprint         = "1608.01902",
      archivePrefix  = "arXiv",
      primaryClass   = "hep-ph",
      reportNumber   = "EDINBURGH-2016-14",
      SLACcitation   = "%%CITATION = ARXIV:1608.01902;%%"
}

@article{Klappert:2019emp,
      author         = "Klappert, Jonas and Lange, Fabian",
      title          = "{Reconstructing rational functions with FireFly}",
      journal        = "Comput. Phys. Commun.",
      volume         = "247",
      year           = "2020",
      pages          = "106951",
      doi            = "10.1016/j.cpc.2019.106951",
      eprint         = "1904.00009",
      archivePrefix  = "arXiv",
      primaryClass   = "cs.SC",
      reportNumber   = "TTK-19-11, P3H-19-007",
      SLACcitation   = "%%CITATION = ARXIV:1904.00009;%%"
}

@article{Peraro:2019svx,
      author         = "Peraro, Tiziano",
      title          = "{FiniteFlow: multivariate functional reconstruction using
                        finite fields and dataflow graphs}",
      journal        = "JHEP",
      volume         = "07",
      year           = "2019",
      pages          = "031",
      doi            = "10.1007/JHEP07(2019)031",
      eprint         = "1905.08019",
      archivePrefix  = "arXiv",
      primaryClass   = "hep-ph",
      reportNumber   = "ZU-TH 24/19",
      SLACcitation   = "%%CITATION = ARXIV:1905.08019;%%"
}

@article{Gluza:2010ws,
      author         = "Gluza, Janusz and Kajda, Krzysztof and Kosower, David A.",
      title          = "{Towards a basis for planar two-loop integrals}",
      journal        = "Phys. Rev.",
      volume         = "D83",
      year           = "2011",
      pages          = "045012",
      doi            = "10.1103/PhysRevD.83.045012",
      eprint         = "1009.0472",
      archivePrefix  = "arXiv",
      primaryClass   = "hep-th",
      reportNumber   = "SACLAY-IPHT-T10-089, WIS-09-10-JULY-DPPA",
      SLACcitation   = "%%CITATION = ARXIV:1009.0472;%%"
}

@article{vonManteuffel:2020vjv,
    author = "von Manteuffel, Andreas and Panzer, Erik and Schabinger, Robert M.",
    title = "{Cusp and Collinear Anomalous Dimensions in Four-Loop QCD from Form Factors}",
    eprint = "2002.04617",
    archivePrefix = "arXiv",
    primaryClass = "hep-ph",
    reportNumber = "MSUHEP-20-002",
    doi = "10.1103/PhysRevLett.124.162001",
    journal = "Phys. Rev. Lett.",
    volume = "124",
    number = "16",
    pages = "162001",
    year = "2020"
}

@article{Schabinger:2011dz,
      author         = "Schabinger, Robert M.",
      title          = "{A new algorithm for the generation of unitarity-compatible integration by parts relations}",
      journal        = "JHEP",
      volume         = "01",
      year           = "2012",
      pages          = "077",
      doi            = "10.1007/JHEP01(2012)077",
      eprint         = "1111.4220",
      archivePrefix  = "arXiv",
      primaryClass   = "hep-ph",
      reportNumber   = "IFT-UAM-CSIC-11-89",
      SLACcitation   = "%%CITATION = ARXIV:1111.4220;%%"
}

@article{Ita:2015tya,
      author         = "Ita, Harald",
      title          = "{Two-loop integrand decomposition into master integrals and surface terms}",
      journal        = "Phys. Rev.",
      volume         = "D94",
      year           = "2016",
      number         = "11",
      pages          = "116015",
      doi            = "10.1103/PhysRevD.94.116015",
      eprint         = "1510.05626",
      archivePrefix  = "arXiv",
      primaryClass   = "hep-th",
      reportNumber   = "FR-PHENO-2015-011",
      SLACcitation   = "%%CITATION = ARXIV:1510.05626;%%"
}

@article{Wang:2019mnn,
    author = "Wang, Yefan and Li, Zhao and ul Basat, Najam",
    title = "{Direct reduction of multiloop multiscale scattering amplitudes}",
    eprint = "1901.09390",
    archivePrefix = "arXiv",
    primaryClass = "hep-ph",
    doi = "10.1103/PhysRevD.101.076023",
    journal = "Phys. Rev. D",
    volume = "101",
    number = "7",
    pages = "076023",
    year = "2020"
}

@article{Guan:2019bcx,
      author         = "Guan, Xin and Liu, Xiao and Ma, Yan-Qing",
      title          = "{Complete reduction of two-loop five-light-parton
                        scattering amplitudes}",
      year           = "2019",
      month          = "12",
      eprint         = "1912.09294",
      archivePrefix  = "arXiv",
      primaryClass   = "hep-ph",
      SLACcitation   = "%%CITATION = ARXIV:1912.09294;%%"
}

@article{Liu:2018dmc,
      author         = "Liu, Xiao and Ma, Yan-Qing",
      title          = "{Determining arbitrary Feynman integrals by vacuum
                        integrals}",
      journal        = "Phys. Rev.",
      volume         = "D99",
      year           = "2019",
      number         = "7",
      pages          = "071501",
      doi            = "10.1103/PhysRevD.99.071501",
      eprint         = "1801.10523",
      archivePrefix  = "arXiv",
      primaryClass   = "hep-ph",
      SLACcitation   = "%%CITATION = ARXIV:1801.10523;%%"
}

@article{Liu:2017jxz,
      author         = "Liu, Xiao and Ma, Yan-Qing and Wang, Chen-Yu",
      title          = "{A systematic and efficient method to compute multi-loop master integrals}",
      journal        = "Phys. Lett.",
      volume         = "B779",
      year           = "2018",
      pages          = "353-357",
      doi            = "10.1016/j.physletb.2018.02.026",
      eprint         = "1711.09572",
      archivePrefix  = "arXiv",
      primaryClass   = "hep-ph",
      SLACcitation   = "%%CITATION = ARXIV:1711.09572;%%"
}

@article{Mastrolia:2018uzb,
      author         = "Mastrolia, Pierpaolo and Mizera, Sebastian",
      title          = "{Feynman integrals and intersection theory}",
      journal        = "JHEP",
      volume         = "02",
      year           = "2019",
      pages          = "139",
      doi            = "10.1007/JHEP02(2019)139",
      eprint         = "1810.03818",
      archivePrefix  = "arXiv",
      primaryClass   = "hep-th",
      SLACcitation   = "%%CITATION = ARXIV:1810.03818;%%"
}

@article{Frellesvig:2019kgj,
      author         = "Frellesvig, Hjalte and Gasparotto, Federico and Laporta,
                        Stefano and Mandal, Manoj K. and Mastrolia, Pierpaolo and
                        Mattiazzi, Luca and Mizera, Sebastian",
      title          = "{Decomposition of Feynman integrals on the maximal cut by intersection numbers}",
      journal        = "JHEP",
      volume         = "05",
      year           = "2019",
      pages          = "153",
      doi            = "10.1007/JHEP05(2019)153",
      eprint         = "1901.11510",
      archivePrefix  = "arXiv",
      primaryClass   = "hep-ph",
      SLACcitation   = "%%CITATION = ARXIV:1901.11510;%%"
}

@article{Frellesvig:2019uqt,
      author         = "Frellesvig, Hjalte and Gasparotto, Federico and Mandal,
                        Manoj K. and Mastrolia, Pierpaolo and Mattiazzi, Luca and
                        Mizera, Sebastian",
      title          = "{Vector Space of Feynman Integrals and Multivariate
                        Intersection Numbers}",
      journal        = "Phys. Rev. Lett.",
      volume         = "123",
      year           = "2019",
      number         = "20",
      pages          = "201602",
      doi            = "10.1103/PhysRevLett.123.201602",
      eprint         = "1907.02000",
      archivePrefix  = "arXiv",
      primaryClass   = "hep-th",
      SLACcitation   = "%%CITATION = ARXIV:1907.02000;%%"
}

@article{Weinzierl:2020xyy,
      author         = "Weinzierl, Stefan",
      title          = "{On the computation of intersection numbers for twisted
                        cocycles}",
      year           = "2020",
      eprint         = "2002.01930",
      archivePrefix  = "arXiv",
      primaryClass   = "math-ph",
      SLACcitation   = "%%CITATION = ARXIV:2002.01930;%%"
}

@article{Bendle:2019csk,
    author = "Bendle, Dominik and Böhm, Janko and Decker, Wolfram and Georgoudis, Alessandro and Pfreundt, Franz-Josef and Rahn, Mirko and Wasser, Pascal and Zhang, Yang",
    title = "{Integration-by-parts reductions of Feynman integrals using Singular and GPI-Space}",
    eprint = "1908.04301",
    archivePrefix = "arXiv",
    primaryClass = "hep-th",
    reportNumber = "MITP/19-055,MPP-2019-164,UUITP-30/19,USTC-ICTS-19-20, MITP/19-055,UUITP-30/19,USTC-ICTS-19-20",
    doi = "10.1007/JHEP02(2020)079",
    journal = "JHEP",
    volume = "02",
    pages = "079",
    year = "2020"
}

@article{Klappert:2020aqs,
    author = "Klappert, Jonas and Klein, Sven Yannick and Lange, Fabian",
    title = "{Interpolation of Dense and Sparse Rational Functions and other Improvements in FireFly}",
    eprint = "2004.01463",
    archivePrefix = "arXiv",
    primaryClass = "cs.MS",
    reportNumber = "TTK-20-07, P3H-20-010",
    month = "4",
    year = "2020"
}

@article{Harlander:2020duo,
    author = "Harlander, Robert V. and Lange, Fabian and Neumann, Tobias",
    title = "{Hadronic vacuum polarization using gradient flow}",
    eprint = "2007.01057",
    archivePrefix = "arXiv",
    primaryClass = "hep-lat",
    reportNumber = "FERMILAB-PUB-20-249-T, IIT-CAPP-20-01, TTK-20-20",
    month = "7",
    year = "2020"
}

@article{Artz:2019bpr,
    author = "Artz, Johannes and Harlander, Robert V and Lange, Fabian and Neumann, Tobias and Prausa, Mario",
    title = "{Results and techniques for higher order calculations within the gradient-flow formalism}",
    eprint = "1905.00882",
    archivePrefix = "arXiv",
    primaryClass = "hep-lat",
    reportNumber = "FERMILAB-PUB-19-151-T, FR-PHENO-2019-003, IIT-CAPP-19-02, TTK-19-15",
    doi = "10.1007/JHEP06(2019)121",
    journal = "JHEP",
    volume = "06",
    pages = "121",
    year = "2019",
    note = "[Erratum: JHEP 10, 032 (2019)]"
}

@article{Hart:2010,
    author = "Hart, W. B.",
    title = "{Fast Library for Number Theory: An Introduction}",
    doi = "10.1007/978-3-642-15582-6_18",
    journal = "Proc. Int. Congress Mathe. Software",
    volume = "2010",
    pages = "88-91",
    year = "2010"
}

@article{Kauers:2008zz,
    author = "Kauers, Manuel",
    editor = "Blumlein, J. and Moch, S. and Riemann, T.",
    title = "{Fast Solvers for Dense Linear Systems}",
    doi = "10.1016/j.nuclphysbps.2008.09.111",
    journal = "Nucl. Phys. B Proc. Suppl.",
    volume = "183",
    pages = "245--250",
    year = "2008"
}

@article{Kant:2013vta,
    author = "Kant, Philipp",
    title = "{Finding linear dependencies in integration-by-parts equations: A Monte Carlo approach}",
    eprint = "1309.7287",
    archivePrefix = "arXiv",
    primaryClass = "hep-ph",
    reportNumber = "HU-EP-13-49, SFB-CPP-13-68",
    doi = "10.1016/j.cpc.2014.01.017",
    journal = "Comput. Phys. Commun.",
    volume = "185",
    pages = "1473--1476",
    year = "2014"
}

@article{Zippel:1979,
    author = "R. Zippel",
    title = "{Probabilistic algorithms for sparse polynomials}",
    doi = "10.1007/3-540-09519-5_73",
    journal = "Symbolic Algebraic Comp. EUROSAM",
    volume = "1979",
    pages = "216--226",
    year = "1979"
}

@article{Schwartz:1980,
    author = "J. T. Schwartz",
    title = "{Fast Probabilistic Algorithms for Verification of Polynomial Identities}",
    doi = "10.1145/322217.322225",
    journal = "J. ACM",
    volume = "27",
    pages = "701--717",
    year = "1980"
}

@article{Wang:1981,
    author = "P. S. Wang",
    title = "{A p-adic Algorithm for Univariate Partial Fractions}",
    doi = "10.1145/800206.806398",
    journal = "Proc. ACM Symp. Symbolic Algebraic Comp.",
    volume = "1981",
    pages = "212--217",
    year = "1981"
}

@article{Monagan:2004,
    author = "M. Monagan",
    title = "{Maximal Quotient Rational Reconstruction: An Almost Optimal Algorithm for Rational Reconstruction}",
    doi = "10.1145/1005285.1005321",
    journal = "Proc. Int. Symp. Symbolic Algebraic Comp.",
    volume = "2004",
    pages = "243--249",
    year = "2004"
}

@article{Smirnov:2019qkx,
    author = "Smirnov, A. V. and Chukharev, F. S.",
    title = "{FIRE6: Feynman Integral REduction with modular arithmetic}",
    eprint = "1901.07808",
    archivePrefix = "arXiv",
    primaryClass = "hep-ph",
    reportNumber = "TTP19-006",
    doi = "10.1016/j.cpc.2019.106877",
    journal = "Comput. Phys. Commun.",
    volume = "247",
    pages = "106877",
    year = "2020"
}

@article{deKleine:2005,
    author = "J. de Kleine and M. Monagan and A. Wittkopf",
    title = "{Algorithms for the Non-monic Case of the Sparse Modular GCD Algorithm}",
    doi = "10.1145/1073884.1073903",
    journal = "Proc. Int. Symp. Symbolic Algebraic Comp.",
    volume = "2005",
    pages = "124--131",
    year = "2005"
}

@article{Zippel:1990,
    author = "R. Zippel",
    title = "{Interpolating Polynomials from their Values}",
    doi = "10.1016/S0747-7171(08)80018-1",
    journal = "J. Symb. Comp.",
    volume = "9",
    pages = "375--403",
    year = "1990"
}

@article{Ben-Or:1988,
    author = "M. Ben-Or and P. Tiwari",
    title = "{A Deterministic Algorithm for Sparse Multivariate Polynomial Interpolation}",
    doi = "10.1145/62212.62241",
    journal = "Proc. ACM Symp. Theory Comp.",
    volume = "20",
    pages = "301--309",
    year = "1988"
}

force correct name
@article{Kaltofen:2000,
    author = "{E. Kaltofen, W.-s. Lee and A. A. Lobo}",
    title = "{Early Termination in Ben-Or/Tiwari Sparse Interpolation and a Hybrid of Zippel's Algorithm}",
    doi = "10.1145/345542.345629",
    journal = "Proc. Int. Symp. Symbolic Algebraic Comp.",
    volume = "2000",
    pages = "192--201",
    year = "2000"
}

force correct name
@article{Kaltofen:2003,
    author = "{E. Kaltofen and W.-s. Lee}",
    title = "{Early termination in sparse interpolation algorithms}",
    doi = "10.1016/S0747-7171(03)00088-9",
    journal = "J. Symb. Comp.",
    volume = "36",
    pages = "365--400",
    year = "2003"
}

force correct name
@article{Kaltofen:1988,
    author = "{E. Kaltofen and Lakshman Y.}",
    title = "{Improved Sparse Multivariate Polynomial Interpolation Algorithms}",
    doi = "10.1007/3-540-51084-2_44",
    journal = "Symbolic Algebraic Comp. ISSAC",
    volume = "1988",
    pages = "467--474",
    year = "1989"
}

force correct name
@article{Cuyt:2011,
    author = "{A. Cuyt and W.-s. Lee}",
    title = "{Sparse interpolation of multivariate rational functions}",
    doi = "10.1016/j.tcs.2010.11.050",
    journal = "Theor. Comp. Sci.",
    volume = "412",
    pages = "1445--1456",
    year = "2011"
}

@book{von_zur_Gathen,
    author = "J. von zur Gathen and J. Gerhard",
    title = "{Modern Computer Algebra}",
    edition = "{third}",
    publisher = "{Cambridge University Press}",
    year = "2013",
    doi = "10.1017/CBO9781139856065"
}

@incollection{flint,
    author = "Hart, W. and others",
    title = "{FLINT: Fast Library for Number Theory}",
    url = "http://www.flintlib.org"
}

@incollection{mpi_forum,
    author = "{MPI Forum}",
    title = "{Message Passing Interface}",
    url = "https://www.mpi-forum.org"
}

@incollection{mpich,
    author = "W. Gropp and others",
    title = "{MPICH}",
    url = "https://www.mpich.org"
}

@article{Gabriel:2004,
    author = "E. Gabriel and others",
    title = "{Open MPI: Goals, Concept, and Design of a Next Generation MPI Implementation}",
    doi = "10.1007/978-3-540-30218-6_19",
    journal = "Adv. Parallel Virtual Machine Message Passing Interface. EuroPVM/MPI",
    volume = "2004",
    pages = "97-104",
    year = "2004"
}

@incollection{openmpi,
    author = "E. Gabriel and others",
    title = "{Open Source High Performance Computing}",
    url = "https://www.open-mpi.org"
}

@incollection{intelmpi,
    author = "{Intel Corporation}",
    title = "{Intel\,\textsuperscript{\textregistered} MPI Library}",
    url = "https://software.intel.com/content/www/us/en/develop/tools/mpi-library.html"
}

@inproceedings{Amoroso:2020lgh,
    author = "Amoroso, S. and others",
    title = "{Les Houches 2019: Physics at TeV Colliders: Standard Model Working Group Report}",
    booktitle = "{11th Les Houches Workshop on Physics at TeV Colliders}: {PhysTeV Les Houches}",
    eprint = "2003.01700",
    archivePrefix = "arXiv",
    primaryClass = "hep-ph",
    month = "3",
    year = "2020"
}

@article{Ellis:2016jkw,
    author = "Ellis, Joshua P.",
    title = "{Ti\textit{k}z-Feynman: Feynman diagrams with Ti\textit{k}z}",
    eprint = "1601.05437",
    archivePrefix = "arXiv",
    primaryClass = "hep-ph",
    doi = "10.1016/j.cpc.2016.08.019",
    journal = "Comput. Phys. Commun.",
    volume = "210",
    pages = "103--123",
    year = "2017"
}
