@Article{Shahmoradi:2013,
  author    = {Shahmoradi, Amir},
  title     = {A Multivariate Fit Luminosity Function and World Model for Long Gamma-Ray Bursts},
  journal   = {The Astrophysical Journal},
  year      = {2013},
  volume    = {766},
  number    = {2},
  pages     = {111},
  publisher = {IOP Publishing},
}

@ARTICLE{ShahmoradiA:2013,
       author = {{Shahmoradi}, Amir},
        title = "{Gamma-Ray bursts: Energetics and Prompt Correlations}",
      journal = {arXiv e-prints},
     keywords = {Astrophysics - High Energy Astrophysical Phenomena, Astrophysics - Cosmology and Nongalactic Astrophysics, Physics - Data Analysis, Statistics and Probability},
         year = 2013,
        month = aug,
          eid = {arXiv:1308.1097},
        pages = {arXiv:1308.1097},
archivePrefix = {arXiv},
       eprint = {1308.1097},
 primaryClass = {astro-ph.HE},
       adsurl = {https://ui.adsabs.harvard.edu/abs/2013arXiv1308.1097S},
      adsnote = {Provided by the SAO/NASA Astrophysics Data System}
}

@Article{shahmoradi2013gamma,
  author  = {Shahmoradi, Amir},
  title   = {Gamma-Ray bursts: Energetics and Prompt Correlations},
  journal = {arXiv preprint arXiv:1308.1097},
  year    = {2013},
}

@InProceedings{Shahmoradi:2014,
  author    = {Shahmoradi, Amir and Nemiroff, RJ},
  title     = {Classification and Energetics of Cosmological Gamma-Ray Bursts},
  booktitle = {American Astronomical Society Meeting Abstracts\# 223},
  year      = {2014},
  volume    = {223},
}

@Article{Shahmoradi:2015,
  author    = {Shahmoradi, Amir and Nemiroff, Robert J},
  title     = {Short versus long gamma-ray bursts: a comprehensive study of energetics and prompt gamma-ray correlations},
  journal   = {Monthly Notices of the Royal Astronomical Society},
  year      = {2015},
  volume    = {451},
  number    = {1},
  pages     = {126--143},
  publisher = {Oxford University Press},
}

@ARTICLE{Shahmoradi:2019,
       author = {{Shahmoradi}, Amir and {Nemiroff}, Robert J.},
        title = "{A Catalog of Redshift Estimates for 1366 BATSE Long-Duration Gamma-Ray Bursts: Evidence for Strong Selection Effects on the Phenomenological Prompt Gamma-Ray Correlations}",
      journal = {arXiv e-prints},
     keywords = {Astrophysics - High Energy Astrophysical Phenomena, Astrophysics - Instrumentation and Methods for Astrophysics, Physics - Data Analysis, Statistics and Probability},
         year = 2019,
        month = mar,
          eid = {arXiv:1903.06989},
        pages = {arXiv:1903.06989},
archivePrefix = {arXiv},
       eprint = {1903.06989},
 primaryClass = {astro-ph.HE},
       adsurl = {https://ui.adsabs.harvard.edu/abs/2019arXiv190306989S},
      adsnote = {Provided by the SAO/NASA Astrophysics Data System}
}

@ARTICLE{OsborneADS:2020,
       author = {{Osborne}, Joshua A. and {Shahmoradi}, Amir and {Nemiroff}, Robert J.},
        title = "{A Multilevel Empirical Bayesian Approach to Estimating the Unknown Redshifts of 1366 BATSE Catalog Long-Duration Gamma-Ray Bursts}",
      journal = {arXiv e-prints},
     keywords = {Astrophysics - High Energy Astrophysical Phenomena, Astrophysics - Instrumentation and Methods for Astrophysics, Physics - Data Analysis, Statistics and Probability},
         year = 2020,
        month = jun,
          eid = {arXiv:2006.01157},
        pages = {arXiv:2006.01157},
archivePrefix = {arXiv},
       eprint = {2006.01157},
 primaryClass = {astro-ph.HE},
       adsurl = {https://ui.adsabs.harvard.edu/abs/2020arXiv200601157O},
      adsnote = {Provided by the SAO/NASA Astrophysics Data System}
}

@misc{OsborneARXIV:2020,
    title={A Multilevel Empirical Bayesian Approach to Estimating the Unknown Redshifts of 1366 BATSE Catalog Long-Duration Gamma-Ray Bursts},
    author={Joshua A. Osborne and Amir Shahmoradi and Robert J. Nemiroff},
    year={2020},
    eprint={2006.01157},
    archivePrefix={arXiv},
    primaryClass={astro-ph.HE}
}

@article{ShahmoradiGS:2020,
  title={ParaDRAM: A Cross-Language Toolbox for Parallel High-Performance Delayed-Rejection Adaptive Metropolis Markov Chain Monte Carlo Simulations},
  author={Shahmoradi, Amir and Bagheri, Fatemeh},
  journal={arXiv preprint arXiv:2008.09589},
  year={2020}
}

@ARTICLE{ShahmoradiADS:2020,
       author = {{Shahmoradi}, Amir and {Bagheri}, Fatemeh},
        title = "{ParaDRAM: A Cross-Language Toolbox for Parallel High-Performance Delayed-Rejection Adaptive Metropolis Markov Chain Monte Carlo Simulations}",
      journal = {arXiv e-prints},
     keywords = {Computer Science - Computational Engineering, Finance, and Science, Astrophysics - Instrumentation and Methods for Astrophysics, Physics - Data Analysis, Statistics and Probability, Statistics - Computation, Statistics - Machine Learning},
         year = 2020,
        month = aug,
          eid = {arXiv:2008.09589},
        pages = {arXiv:2008.09589},
archivePrefix = {arXiv},
       eprint = {2008.09589},
 primaryClass = {cs.CE},
       adsurl = {https://ui.adsabs.harvard.edu/abs/2020arXiv200809589S},
      adsnote = {Provided by the SAO/NASA Astrophysics Data System}
}

@article{Kumbhare:2020,
  title={Parallel Adapative Monte Carlo Optimization, Sampling, and Integration in C/C++, Fortran, MATLAB, and Python},
  author={Kumbhare, Shashank and Shahmoradi, Amir},
  journal={Bulletin of the American Physical Society},
  year={2020},
  publisher={APS}
}

@MISC{ShahmoradiASCL:2020,
       author = {{Shahmoradi}, Amir and {Bagheri}, Fatemeh},
        title = "{ParaMonte: Parallel Monte Carlo library}",
     keywords = {Software},
         year = 2020,
        month = aug,
          eid = {ascl:2008.016},
        pages = {ascl:2008.016},
archivePrefix = {ascl},
       eprint = {2008.016},
       adsurl = {https://ui.adsabs.harvard.edu/abs/2020ascl.soft08016S},
      adsnote = {Provided by the SAO/NASA Astrophysics Data System}
}

@inproceedings{Fanfarillo:2014,
  title={OpenCoarrays: open-source transport layers supporting coarray Fortran compilers},
  author={Fanfarillo, Alessandro and Burnus, Tobias and Cardellini, Valeria and Filippone, Salvatore and Nagle, Dan and Rouson, Damian},
  booktitle={Proceedings of the 8th International Conference on Partitioned Global Address Space Programming Models},
  pages={1--11},
  year={2014}
}

@article{Haario:2006,
  title={DRAM: efficient adaptive MCMC},
  author={Haario, Heikki and Laine, Marko and Mira, Antonietta and Saksman, Eero},
  journal={Statistics and computing},
  volume={16},
  number={4},
  pages={339--354},
  year={2006},
  publisher={Springer}
}

@article{Bois:2009,
  title={GNU MCSim: Bayesian statistical inference for SBML-coded systems biology models},
  author={Bois, Fr{\'e}d{\'e}ric Y},
  journal={Bioinformatics},
  volume={25},
  number={11},
  pages={1453--1454},
  year={2009},
  publisher={Oxford University Press}
}

@article{Soetaert:2010,
  title={Inverse modelling, sensitivity and monte carlo analysis in R using package FME},
  author={Soetaert, Karline and Petzoldt, Thomas and others},
  journal={Journal of Statistical Software},
  volume={33},
  number={3},
  pages={1--28},
  year={2010}
}

@incollection{Alexander:2012,
	year={2012},
	isbn={978-3-642-29736-6},
	booktitle={Euro-Par 2011: Parallel Processing Workshops},
	volume={7155},
	series={Lecture Notes in Computer Science},
	editor={Alexander, Michael and D'Ambra, Pasqua and Belloum, Adam and Bosilca, George and Cannataro, Mario and Danelutto, Marco and Martino, Beniamino and Gerndt, Michael and Jeannot, Emmanuel and Namyst, Raymond and Roman, Jean and Scott, StephenL. and Traff, JesperLarsson and Vall√©e, Geoffroy and Weidendorfer, Josef},
	title={The Parallel {C}++ Statistical Library QUESO: Quantification of Uncertainty for Estimation, Simulation and Optimization},
	publisher={Springer Berlin Heidelberg},
	keywords={Software Design; Uncertainty Quantification; Parallel MCMC},
	author={Prudencio, ErnestoE. and Schulz, KarlW.},
	pages={398-407}
}

@article{Patil:2010,
  title={PyMC: Bayesian stochastic modelling in Python},
  author={Patil, Anand and Huard, David and Fonnesbeck, Christopher J},
  journal={Journal of statistical software},
  volume={35},
  number={4},
  pages={1},
  year={2010},
  publisher={Europe PMC Funders}
}
